<?xml version="1.0" encoding="UTF-8" ?>
<collection xmlns:xsi="http://www.w3.org/2001/XMLSchema-instance" xsi:schemaLocation="http://www.loc.gov/MARC21/slim http://www.loc.gov/standards/marcxml/schema/MARC21slim.xsd" xmlns="http://www.loc.gov/MARC21/slim">
   <record>
      <leader>     cam a22     4a 4500</leader>
      <controlfield tag="001">3447920</controlfield>
      <controlfield tag="003">NIC</controlfield>
      <controlfield tag="005">20140805200803.0</controlfield>
      <controlfield tag="008">990602r19251998ua       b    000 0 ara c</controlfield>
      <datafield tag="020" ind1=" " ind2=" ">
         <subfield code="a">9775895014</subfield>
      </datafield>
      <datafield tag="035" ind1=" " ind2=" ">
         <subfield code="a">(NIC)notisARQ2334</subfield>
      </datafield>
      <datafield tag="035" ind1=" " ind2=" ">
         <subfield code="a">(OCoLC)64092437</subfield>
      </datafield>
      <datafield tag="035" ind1=" " ind2=" ">
         <subfield code="a">3447920</subfield>
      </datafield>
      <datafield tag="040" ind1=" " ind2=" ">
         <subfield code="a">NIC</subfield>
         <subfield code="c">NIC</subfield>
      </datafield>
      <datafield tag="050" ind1=" " ind2="4">
         <subfield code="a">HQ1793</subfield>
         <subfield code="b">.N37;1998</subfield>
      </datafield>
      <datafield tag="100" ind1="1" ind2=" ">
         <subfield code="a">Nāṣif, Malak Ḥifnī,</subfield>
         <subfield code="d">1886-1918.</subfield>
      </datafield>
      <datafield tag="245" ind1="1" ind2="3">
         <subfield code="a">al-Nisāʾiyāt :</subfield>
         <subfield code="b">majmūʻat maqālāt nushirat fī al-jarīdah    fī mawḍūʻ al-marʾah al-Miṣrīyah  /</subfield>
         <subfield code="c">bi-qalam Baḥithat al-Bādīyah ;    [wa-bihā muqaddimah bi-qalam Aḥmad Luṭfī al-Sayyid].</subfield>
      </datafield>
      <datafield tag="250" ind1=" " ind2=" ">
         <subfield code="a">Ṭabʻah 2.</subfield>
      </datafield>
      <datafield tag="260" ind1=" " ind2=" ">
         <subfield code="a">[Cairo] :</subfield>
         <subfield code="b">Multaqá al-Marʾah wa-al-Dhākirah, 1998.</subfield>
      </datafield>
      <datafield tag="300" ind1=" " ind2=" ">
         <subfield code="a">2 v. in 1 ;</subfield>
         <subfield code="c">24 cm.</subfield>
      </datafield>
      <datafield tag="534" ind1=" " ind2=" ">
         <subfield code="p">Reprint. Originally published:</subfield>
         <subfield code="c">Miṣr :  yuṭlab min al-Maktabah al-Tijārīyah al-Kubrá, [1925?]</subfield>
      </datafield>
      <datafield tag="650" ind1=" " ind2="0">
         <subfield code="a">Women</subfield>
         <subfield code="z">Egypt.</subfield>
      </datafield>
      <datafield tag="905" ind1=" " ind2=" ">
         <subfield code="a">19990602120000.0</subfield>
      </datafield>
      <datafield tag="903" ind1=" " ind2=" ">
         <subfield code="a">NYUACO</subfield>
         <subfield code="d">20141028</subfield>
         <subfield code="p">31924084664840</subfield>
      </datafield>
      <datafield tag="950" ind1=" " ind2=" ">
         <subfield code="a">HQ1793</subfield>
         <subfield code="b">.N37 1998</subfield>
         <subfield code="v"> </subfield>
      </datafield>
   </record>
</collection>
